@incollection{dreber2019statistical,
  title={Statistical Significance and the Replication Crisis in the Social Sciences},
  author={Dreber, Anna and Johannesson, Magnus},
  booktitle={Oxford Research Encyclopedia of Economics and Finance},
  year={2019}
}